<record><leader>00000cas a22000007a 4500</leader><controlfield tag="001">24435881</controlfield><controlfield tag="008">910923d18871888mouwr ne      0    0eng d</controlfield><datafield ind1=" " ind2=" " tag="010"><subfield code="a">sn 91061149 </subfield></datafield><datafield ind1=" " ind2=" " tag="040"><subfield code="a">MQN</subfield><subfield code="b">eng</subfield><subfield code="c">MQN</subfield><subfield code="d">OCLCQ</subfield></datafield><datafield ind1=" " ind2=" " tag="042"><subfield code="a">msc</subfield></datafield><datafield ind1="0" ind2="0" tag="245"><subfield code="a">Indian Springs chief.</subfield></datafield><datafield ind1=" " ind2=" " tag="260"><subfield code="a">Indian Springs, McDonald County, Mo. :</subfield><subfield code="b">Indian Springs Pub. Co.</subfield></datafield><datafield ind1=" " ind2=" " tag="300"><subfield code="a">v.</subfield></datafield><datafield ind1=" " ind2=" " tag="310"><subfield code="a">Weekly</subfield></datafield><datafield ind1="1" ind2=" " tag="362"><subfield code="a">Began in 1887? Ceased in 1888?</subfield></datafield><datafield ind1=" " ind2=" " tag="588"><subfield code="a">Description based on: Vol. 1, no. 44 (Sept. 20, 1888).</subfield></datafield><datafield ind1=" " ind2="4" tag="651"><subfield code="a">Indian Springs (Mo.)</subfield><subfield code="v">Newspapers.</subfield></datafield><datafield ind1=" " ind2=" " tag="752"><subfield code="a">United States</subfield><subfield code="b">Missouri</subfield><subfield code="c">McDonald</subfield><subfield code="d">Indian Springs.</subfield></datafield><datafield ind1="1" ind2=" " tag="029"><subfield code="a">AU@</subfield><subfield code="b">000025898328</subfield></datafield></record>